@article{Eigen1971,
  title={Selforganization of matter and the evolution of biological macromolecules},
  author={Eigen, Manfred},
  journal={Naturwissenschaften},
  volume={58},
  number={10},
  pages={465--523},
  year={1971},
  publisher={Springer}
}

@article{Knuth1968,
  title={Semantics of Context-free Languages},
  author={Knuth, Donald E},
  journal={Mathematical Systems Theory},
  volume={2},
  number={2},
  pages={127--145},
  year={1968},
  publisher={Springer}
}

@ARTICLE{RLP2006,
   author = {{Rice}, W.~K.~M. and {Lodato}, G. and {Pringle}, J.~E. and {Armitage}, P.~J. and 
   {Bonnell}, I.~A.},
    title = "{Planetesimal formation via fragmentation in self-gravitating protoplanetary discs}",
  journal = {\mnras},
   eprint = {astro-ph/0607268},
 keywords = {accretion, accretion discs: gravitation: instabilities: stars: formation: planetary systems: formation: planetary systems: protoplanetary discs, accretion discs, gravitation, instabilities, stars: formation, planetary systems: formation, planetary systems: protoplanetary discs},
     year = 2006,
    month = oct,
   volume = 372,
    pages = {L9-L13},
      doi = {10.1111/j.1745-3933.2006.00215.x},
   adsurl = {http://adsabs.harvard.edu/abs/2006MNRAS.372L...9R},
  adsnote = {Provided by the SAO/NASA Astrophysics Data System}
}

@ARTICLE{SS73,
   author = {{Shakura}, N.~I. and {Sunyaev}, R.~A.},
    title = "{Black holes in binary systems. Observational appearance.}",
  journal = {\aap},
     year = 1973,
   volume = 24,
    pages = {337-355},
   adsurl = {http://adsabs.harvard.edu/abs/1973A%26A....24..337S},
  adsnote = {Provided by the SAO/NASA Astrophysics Data System}
}

@ARTICLE{BH98,
   author = {{Balbus}, S.~A. and {Hawley}, J.~F.},
    title = "{Instability, turbulence, and enhanced transport in accretion disks}",
  journal = {Reviews of Modern Physics},
 keywords = {Accretion and accretion disks, Hydrodynamics, Infall accretion and accretion disks, Plasma dynamics and flow, Plasma turbulence, Magnetohydrodynamics and plasmas},
     year = 1998,
    month = jan,
   volume = 70,
    pages = {1-53},
      doi = {10.1103/RevModPhys.70.1},
   adsurl = {http://adsabs.harvard.edu/abs/1998RvMP...70....1B},
  adsnote = {Provided by the SAO/NASA Astrophysics Data System}
}

@ARTICLE{H81,
   author = {{Hayashi}, C.},
    title = "{Structure of the Solar Nebula, Growth and Decay of Magnetic Fields and Effects of Magnetic and Turbulent Viscosities on the Nebula}",
  journal = {Progress of Theoretical Physics Supplement},
     year = 1981,
   volume = 70,
    pages = {35-53},
      doi = {10.1143/PTPS.70.35},
   adsurl = {http://adsabs.harvard.edu/abs/1981PThPS..70...35H},
  adsnote = {Provided by the SAO/NASA Astrophysics Data System}
}

@ARTICLE{HGB95,
   author = {{Hawley}, J.~F. and {Gammie}, C.~F. and {Balbus}, S.~A.},
    title = "{Local Three-dimensional Magnetohydrodynamic Simulations of Accretion Disks}",
  journal = {\apj},
 keywords = {ACCRETION, ACCRETION DISKS, INSTABILITIES, MAGNETOHYDRODYNAMICS: MHD},
     year = 1995,
    month = feb,
   volume = 440,
    pages = {742},
      doi = {10.1086/175311},
   adsurl = {http://adsabs.harvard.edu/abs/1995ApJ...440..742H},
  adsnote = {Provided by the SAO/NASA Astrophysics Data System}
}

@ARTICLE{W77,
   author = {{Weidenschilling}, S.~J.},
    title = "{Aerodynamics of solid bodies in the solar nebula}",
  journal = {\mnras},
 keywords = {Aerodynamic Drag, Interplanetary Dust, Nebulae, Radial Velocity, Solids, Sun, Equations Of Motion, Fractionation, Orbital Velocity, Particle Collisions, Particle Motion, Pressure Gradients, Stellar Models, Wind Velocity},
     year = 1977,
    month = jul,
   volume = 180,
    pages = {57-70},
   adsurl = {http://adsabs.harvard.edu/abs/1977MNRAS.180...57W},
  adsnote = {Provided by the SAO/NASA Astrophysics Data System}
}

@ARTICLE{GW73,
   author = {{Goldreich}, P. and {Ward}, W.~R.},
    title = "{The Formation of Planetesimals}",
  journal = {\apj},
     year = 1973,
    month = aug,
   volume = 183,
    pages = {1051-1062},
      doi = {10.1086/152291},
   adsurl = {http://adsabs.harvard.edu/abs/1973ApJ...183.1051G},
  adsnote = {Provided by the SAO/NASA Astrophysics Data System}
}

@ARTICLE{J07,
   author = {{Johansen}, A. and {Oishi}, J.~S. and {Mac Low}, M.-M. and {Klahr}, H. and 
	{Henning}, T. and {Youdin}, A.},
    title = "{Rapid planetesimal formation in turbulent circumstellar disks}",
  journal = {\nat},
archivePrefix = "arXiv",
   eprint = {0708.3890},
     year = 2007,
    month = aug,
   volume = 448,
    pages = {1022-1025},
      doi = {10.1038/nature06086},
   adsurl = {http://adsabs.harvard.edu/abs/2007Natur.448.1022J},
  adsnote = {Provided by the SAO/NASA Astrophysics Data System}
}

@ARTICLE{CD93,
   author = {{Cuzzi}, J.~N. and {Dobrovolskis}, A.~R. and {Champney}, J.~M.
	},
    title = "{Particle-gas dynamics in the midplane of a protoplanetary nebula}",
  journal = {\icarus},
 keywords = {Gas Dynamics, Protoplanets, Planetary Evolution, Particle Size Distribution, Turbulence Models, Nebulae, Navier-Stokes Equation, Parameterization, Viscous Flow, Turbulent Flow, Equations Of Motion},
     year = 1993,
    month = nov,
   volume = 106,
    pages = {102},
      doi = {10.1006/icar.1993.1161},
   adsurl = {http://adsabs.harvard.edu/abs/1993Icar..106..102C},
  adsnote = {Provided by the SAO/NASA Astrophysics Data System}
}

@ARTICLE{M07,
   author = {{Mignone}, A. and {Bodo}, G. and {Massaglia}, S. and {Matsakos}, T. and 
	{Tesileanu}, O. and {Zanni}, C. and {Ferrari}, A.},
    title = "{PLUTO: A Numerical Code for Computational Astrophysics}",
  journal = {\apjs},
   eprint = {astro-ph/0701854},
 keywords = {Hydrodynamics, Methods: Numerical, Magnetohydrodynamics: MHD, Relativity, Shock Waves},
     year = 2007,
    month = may,
   volume = 170,
    pages = {228-242},
      doi = {10.1086/513316},
   adsurl = {http://adsabs.harvard.edu/abs/2007ApJS..170..228M},
  adsnote = {Provided by the SAO/NASA Astrophysics Data System}
}

@ARTICLE{M00,
   author = {{Masset}, F.},
    title = "{FARGO: A fast eulerian transport algorithm for differentially rotating disks}",
  journal = {\aaps},
   eprint = {astro-ph/9910390},
 keywords = {ACCRETION, ACCRETION DISKS, HYDRODYNAMICS, METHODS: NUMERICAL},
     year = 2000,
    month = jan,
   volume = 141,
    pages = {165-173},
      doi = {10.1051/aas:2000116},
   adsurl = {http://adsabs.harvard.edu/abs/2000A%26AS..141..165M},
  adsnote = {Provided by the SAO/NASA Astrophysics Data System}
}

@ARTICLE{BW08,
   author = {{Blum}, J. and {Wurm}, G.},
    title = "{The Growth Mechanisms of Macroscopic Bodies in Protoplanetary Disks}",
  journal = {\araa},
     year = 2008,
    month = sep,
   volume = 46,
    pages = {21-56},
      doi = {10.1146/annurev.astro.46.060407.145152},
   adsurl = {http://adsabs.harvard.edu/abs/2008ARA%26A..46...21B},
  adsnote = {Provided by the SAO/NASA Astrophysics Data System}
}

@ARTICLE{N86,
   author = {{Nakagawa}, Y. and {Sekiya}, M. and {Hayashi}, C.},
    title = "{Settling and growth of dust particles in a laminar phase of a low-mass solar nebula}",
  journal = {\icarus},
 keywords = {Cosmic Dust, Laminar Flow, Particle Size Distribution, Solar Corona, Stellar Evolution, Computational Astrophysics, Convection Currents, Plasma Turbulence, Stellar Mass, Two Phase Flow},
     year = 1986,
    month = sep,
   volume = 67,
    pages = {375-390},
      doi = {10.1016/0019-1035(86)90121-1},
   adsurl = {http://adsabs.harvard.edu/abs/1986Icar...67..375N},
  adsnote = {Provided by the SAO/NASA Astrophysics Data System}
}

@ARTICLE{YG05,
   author = {{Youdin}, A.~N. and {Goodman}, J.},
    title = "{Streaming Instabilities in Protoplanetary Disks}",
  journal = {\apj},
   eprint = {astro-ph/0409263},
 keywords = {Hydrodynamics, Instabilities, Stars: Planetary Systems: Formation, Stars: Planetary Systems: Protoplanetary Disks},
     year = 2005,
    month = feb,
   volume = 620,
    pages = {459-469},
      doi = {10.1086/426895},
   adsurl = {http://adsabs.harvard.edu/abs/2005ApJ...620..459Y},
  adsnote = {Provided by the SAO/NASA Astrophysics Data System}
}

@ARTICLE{yt,
   author = {{Turk}, M.~J. and {Smith}, B.~D. and {Oishi}, J.~S. and {Skory}, S. and 
	{Skillman}, S.~W. and {Abel}, T. and {Norman}, M.~L.},
    title = "{yt: A Multi-code Analysis Toolkit for Astrophysical Simulation Data}",
  journal = {\apjs},
archivePrefix = "arXiv",
   eprint = {1011.3514},
 primaryClass = "astro-ph.IM",
 keywords = {cosmology: theory, methods: data analysis, methods: numerical},
     year = 2011,
    month = jan,
   volume = 192,
      eid = {9},
    pages = {9},
      doi = {10.1088/0067-0049/192/1/9},
   adsurl = {http://adsabs.harvard.edu/abs/2011ApJS..192....9T},
  adsnote = {Provided by the SAO/NASA Astrophysics Data System}
}

@ARTICLE{JY07,
   author = {{Johansen}, A. and {Youdin}, A.},
    title = "{Protoplanetary Disk Turbulence Driven by the Streaming Instability: Nonlinear Saturation and Particle Concentration}",
  journal = {\apj},
   eprint = {astro-ph/0702626},
 keywords = {Diffusion, Hydrodynamics, Instabilities, Stars: Planetary Systems: Protoplanetary Disks, Solar System: Formation, Turbulence},
     year = 2007,
    month = jun,
   volume = 662,
    pages = {627-641},
      doi = {10.1086/516730},
   adsurl = {http://adsabs.harvard.edu/abs/2007ApJ...662..627J},
  adsnote = {Provided by the SAO/NASA Astrophysics Data System}
}

@ARTICLE{YJ07,
   author = {{Youdin}, A. and {Johansen}, A.},
    title = "{Protoplanetary Disk Turbulence Driven by the Streaming Instability: Linear Evolution and Numerical Methods}",
  journal = {\apj},
   eprint = {astro-ph/0702625},
 keywords = {Diffusion, Hydrodynamics, Instabilities, Stars: Planetary Systems: Protoplanetary Disks, Solar System: Formation, Turbulence},
     year = 2007,
    month = jun,
   volume = 662,
    pages = {613-626},
      doi = {10.1086/516729},
   adsurl = {http://adsabs.harvard.edu/abs/2007ApJ...662..613Y},
  adsnote = {Provided by the SAO/NASA Astrophysics Data System}
}

@ARTICLE{KKI06,
   author = {{Kokubo}, E. and {Kominami}, J. and {Ida}, S.},
    title = "{Formation of Terrestrial Planets from Protoplanets. I. Statistics of Basic Dynamical Properties}",
  journal = {\apj},
 keywords = {Methods: n-Body Simulations, Planets and Satellites: Formation},
     year = 2006,
    month = may,
   volume = 642,
    pages = {1131-1139},
      doi = {10.1086/501448},
   adsurl = {http://adsabs.harvard.edu/abs/2006ApJ...642.1131K},
  adsnote = {Provided by the SAO/NASA Astrophysics Data System}
}

@ARTICLE{JHK06,
   author = {{Johansen}, A. and {Henning}, T. and {Klahr}, H.},
    title = "{Dust Sedimentation and Self-sustained Kelvin-Helmholtz Turbulence in Protoplanetary Disk Midplanes}",
  journal = {\apj},
   eprint = {astro-ph/0512272},
 keywords = {Diffusion, Hydrodynamics, Instabilities, Stars: Planetary Systems: Protoplanetary Disks, Solar System: Formation, Turbulence},
     year = 2006,
    month = jun,
   volume = 643,
    pages = {1219-1232},
      doi = {10.1086/502968},
   adsurl = {http://adsabs.harvard.edu/abs/2006ApJ...643.1219J},
  adsnote = {Provided by the SAO/NASA Astrophysics Data System}
}

@ARTICLE{LP10,
   author = {{Lesur}, G. and {Papaloizou}, J.~C.~B.},
    title = "{The subcritical baroclinic instability in local accretion disc models}",
  journal = {\aap},
archivePrefix = "arXiv",
   eprint = {0911.0663},
 primaryClass = "astro-ph.EP",
 keywords = {accretion, accretion disks, instabilities, planets and satellites: formation, turbulence},
     year = 2010,
    month = apr,
   volume = 513,
      eid = {A60},
    pages = {A60},
      doi = {10.1051/0004-6361/200913594},
   adsurl = {http://adsabs.harvard.edu/abs/2010A%26A...513A..60L},
  adsnote = {Provided by the SAO/NASA Astrophysics Data System}
}

@ARTICLE{BS10a,
   author = {{Bai}, X.-N. and {Stone}, J.~M.},
    title = "{Dynamics of Solids in the Midplane of Protoplanetary Disks: Implications for Planetesimal Formation}",
  journal = {\apj},
archivePrefix = "arXiv",
   eprint = {1005.4982},
 primaryClass = "astro-ph.EP",
 keywords = {diffusion, hydrodynamics, instabilities, planets and satellites: formation, protoplanetary disks, turbulence},
     year = 2010,
    month = oct,
   volume = 722,
    pages = {1437-1459},
      doi = {10.1088/0004-637X/722/2/1437},
   adsurl = {http://adsabs.harvard.edu/abs/2010ApJ...722.1437B},
  adsnote = {Provided by the SAO/NASA Astrophysics Data System}
}

@ARTICLE{FN09,
   author = {{Fromang}, S. and {Nelson}, R.~P.},
    title = "{Global MHD simulations of stratified and turbulent protoplanetary discs. II. Dust settling}",
  journal = {\aap},
archivePrefix = "arXiv",
   eprint = {0901.4434},
 primaryClass = "astro-ph.EP",
 keywords = {accretion, accretion disks, Magnetohydrodynamics (MHD), methods: numerical, turbulence},
     year = 2009,
    month = mar,
   volume = 496,
    pages = {597-608},
      doi = {10.1051/0004-6361/200811220},
   adsurl = {http://adsabs.harvard.edu/abs/2009A%26A...496..597F},
  adsnote = {Provided by the SAO/NASA Astrophysics Data System}
}

@ARTICLE{ZS08,
   author = {{Zsom}, A. and {Dullemond}, C.~P.},
    title = "{A representative particle approach to coagulation and fragmentation of dust aggregates and fluid droplets}",
  journal = {\aap},
archivePrefix = "arXiv",
   eprint = {0807.5052},
 keywords = {accretion, accretion disks, methods: statistical, planets and satellites: formation, ISM: dust, extinction},
     year = 2008,
    month = oct,
   volume = 489,
    pages = {931-941},
      doi = {10.1051/0004-6361:200809921},
   adsurl = {http://adsabs.harvard.edu/abs/2008A%26A...489..931Z},
  adsnote = {Provided by the SAO/NASA Astrophysics Data System}
}

@ARTICLE{PHM04,
   author = {{Perucho}, M. and {Hanasz}, M. and {Mart{\'{\i}}}, J.~M. and 
	{Sol}, H.},
    title = "{Stability of hydrodynamical relativistic planar jets.  I. Linear evolution and saturation of Kelvin-Helmholtz modes}",
  journal = {\aap},
   eprint = {astro-ph/0407548},
 keywords = {galaxies: jets, hydrodynamics},
     year = 2004,
    month = nov,
   volume = 427,
    pages = {415-429},
      doi = {10.1051/0004-6361:20040349},
   adsurl = {http://adsabs.harvard.edu/abs/2004A%26A...427..415P},
  adsnote = {Provided by the SAO/NASA Astrophysics Data System}
}

@ARTICLE{SO10,
   author = {{Skinner}, M.~A. and {Ostriker}, E.~C.},
    title = "{The Athena Astrophysical Magnetohydrodynamics Code in Cylindrical Geometry}",
  journal = {\apjs},
archivePrefix = "arXiv",
   eprint = {1004.2487},
 primaryClass = "astro-ph.IM",
 keywords = {hydrodynamics, magnetohydrodynamics: MHD, methods: numerical},
     year = 2010,
    month = may,
   volume = 188,
    pages = {290-311},
      doi = {10.1088/0067-0049/188/1/290},
   adsurl = {http://adsabs.harvard.edu/abs/2010ApJS..188..290S},
  adsnote = {Provided by the SAO/NASA Astrophysics Data System}
}

@ARTICLE{BT09,
   author = {{Balsara}, D.~S. and {Tilley}, D.~A. and {Rettig}, T. and {Brittain}, S.~D.
	},
    title = "{Dust settling in magnetorotationally driven turbulent discs - I. Numerical methods and evidence for a vigorous streaming instability}",
  journal = {\mnras},
archivePrefix = "arXiv",
   eprint = {0810.0246},
 keywords = {instabilities , MHD , turbulence , methods: numerical , planetary systems: protoplanetary discs},
     year = 2009,
    month = jul,
   volume = 397,
    pages = {24-43},
      doi = {10.1111/j.1365-2966.2009.14606.x},
   adsurl = {http://adsabs.harvard.edu/abs/2009MNRAS.397...24B},
  adsnote = {Provided by the SAO/NASA Astrophysics Data System}
}

@ARTICLE{BS10b,
   author = {{Bai}, X.-N. and {Stone}, J.~M.},
    title = "{The Effect of the Radial Pressure Gradient in Protoplanetary Disks on Planetesimal Formation}",
  journal = {\apjl},
archivePrefix = "arXiv",
   eprint = {1005.4981},
 primaryClass = "astro-ph.EP",
 keywords = {diffusion, hydrodynamics, instabilities, planets and satellites: formation, protoplanetary disks, turbulence},
     year = 2010,
    month = oct,
   volume = 722,
    pages = {L220-L223},
      doi = {10.1088/2041-8205/722/2/L220},
   adsurl = {http://adsabs.harvard.edu/abs/2010ApJ...722L.220B},
  adsnote = {Provided by the SAO/NASA Astrophysics Data System}
}

@ARTICLE{L10,
   author = {{Lee}, A.~T. and {Chiang}, E. and {Asay-Davis}, X. and {Barranco}, J.
	},
    title = "{Forming Planetesimals by Gravitational Instability. II. How Dust Settles to its Marginally Stable State}",
  journal = {\apj},
archivePrefix = "arXiv",
   eprint = {1010.0250},
 primaryClass = "astro-ph.EP",
 keywords = {hydrodynamics, instabilities, planets and satellites: formation, protoplanetary disks},
     year = 2010,
    month = dec,
   volume = 725,
    pages = {1938-1954},
      doi = {10.1088/0004-637X/725/2/1938},
   adsurl = {http://adsabs.harvard.edu/abs/2010ApJ...725.1938L},
  adsnote = {Provided by the SAO/NASA Astrophysics Data System}
}

@ARTICLE{KH06,
   author = {{Kosi{\'n}ski}, R. and {Hanasz}, M.},
    title = "{On the influence of cooling and heating processes on Parker instability}",
  journal = {\mnras},
 keywords = {magnetic fields , MHD , ISM: kinematics and dynamics , galaxies: ISM},
     year = 2006,
    month = may,
   volume = 368,
    pages = {759-768},
      doi = {10.1111/j.1365-2966.2006.10142.x},
   adsurl = {http://adsabs.harvard.edu/abs/2006MNRAS.368..759K},
  adsnote = {Provided by the SAO/NASA Astrophysics Data System}
}

@ARTICLE{TB09,
   author = {{Tilley}, D.~A. and {Balsara}, D.~S. and {Brittain}, S.~D. and 
	{Rettig}, T.},
    title = "{Dust settling in magnetorotationally-driven turbulent discs - II. The pervasiveness of the streaming instability and its consequences}",
  journal = {\mnras},
archivePrefix = "arXiv",
   eprint = {0908.2937},
 primaryClass = "astro-ph.GA",
 keywords = {instabilities, MHD, turbulence, methods: numerical, planetary systems: protoplanetary discs},
     year = 2010,
    month = mar,
   volume = 403,
    pages = {211-228},
      doi = {10.1111/j.1365-2966.2009.16145.x},
   adsurl = {http://adsabs.harvard.edu/abs/2010MNRAS.403..211T},
  adsnote = {Provided by the SAO/NASA Astrophysics Data System}
}

@ARTICLE{J11,
   author = {{Jacquet}, E. and {Balbus}, S. and {Latter}, H.},
    title = "{On linear dust-gas streaming instabilities in protoplanetary discs}",
  journal = {\mnras},
archivePrefix = "arXiv",
   eprint = {1104.5396},
 primaryClass = "astro-ph.EP",
 keywords = {hydrodynamics, instabilities, planets and satellites: formation, protoplanetary discs},
     year = 2011,
    month = aug,
   volume = 415,
    pages = {3591-3598},
      doi = {10.1111/j.1365-2966.2011.18971.x},
   adsurl = {http://adsabs.harvard.edu/abs/2011MNRAS.415.3591J},
  adsnote = {Provided by the SAO/NASA Astrophysics Data System}
}

@ARTICLE{T12,
   author = {{Takeuchi}, T. and {Muto}, T. and {Okuzumi}, S. and {Ishitsu}, N. and 
	{Ida}, S.},
    title = "{Induced Turbulence and the Density Structure of the Dust Layer in a Protoplanetary Disk}",
  journal = {\apj},
archivePrefix = "arXiv",
   eprint = {1109.4755},
 primaryClass = "astro-ph.EP",
 keywords = {accretion, accretion disks, planets and satellites: formation, protoplanetary disks},
     year = 2012,
    month = jan,
   volume = 744,
      eid = {101},
    pages = {101},
      doi = {10.1088/0004-637X/744/2/101},
   adsurl = {http://adsabs.harvard.edu/abs/2012ApJ...744..101T},
  adsnote = {Provided by the SAO/NASA Astrophysics Data System}
}

@INPROCEEDINGS{piernik2,
   author = {{Hanasz}, M. and {Kowalik}, K. and {W{\'o}lta{\'n}ski}, D. and 
	{Paw{\l}aszek}, R. and {Kornet}, K.},
    title = "{The PIERNIK MHD code - a multi-fluid, non-ideal extension of the relaxing-TVD scheme (II)}",
booktitle = {EAS Publications Series},
     year = 2010,
   series = {EAS Publications Series},
   volume = 42,
archivePrefix = "arXiv",
   eprint = {0812.2799},
   editor = {{Go{\.z}dziewski}, K. and {Niedzielski}, A. and {Schneider}, J.
	},
    month = apr,
    pages = {281-285},
      doi = {10.1051/eas/1042030},
   adsurl = {http://adsabs.harvard.edu/abs/2010EAS....42..281H},
  adsnote = {Provided by the SAO/NASA Astrophysics Data System}
}
